<?xml version="1.0" encoding="UTF-8"?>
<record xmlns="http://www.loc.gov/MARC21/slim">
   <leader>02319cam a2200397 a 4500</leader>
   <controlfield tag="001">1119885</controlfield>
   <controlfield tag="003">NjP</controlfield>
   <controlfield tag="005">20170619131227.0</controlfield>
   <controlfield tag="008">950616s1889    tu            000 0 ara d</controlfield>
   <datafield tag="024" ind1="7" ind2=" ">
      <subfield code="a">princeton_aco003466</subfield>
      <subfield code="2">local</subfield>
   </datafield>
   <datafield ind1=" " ind2=" " tag="035">
      <subfield code="a">(OCoLC)ocn176571543</subfield>
   </datafield>
   <datafield ind1=" " ind2=" " tag="035">
      <subfield code="a">(OCoLC)36539616</subfield>
   </datafield>
   <datafield ind1=" " ind2=" " tag="040">
      <subfield code="a">NjP</subfield>
      <subfield code="c">PUL</subfield>
      <subfield code="d">PUL</subfield>
   </datafield>
   <datafield ind1=" " ind2=" " tag="035">
      <subfield code="a">(OCoLC)176571543</subfield>
   </datafield>
   <datafield ind1=" " ind2=" " tag="035">
      <subfield code="a">(CStRLIN)NJPG95-B37492</subfield>
   </datafield>
   <datafield ind1=" " ind2=" " tag="035">
      <subfield code="9">CCL6468TS</subfield>
   </datafield>
   <datafield ind1=" " ind2=" " tag="035">
      <subfield code="a">(NjP)1119885</subfield>
   </datafield>
   <datafield ind1="1" ind2=" " tag="041">
      <subfield code="a">araota</subfield>
   </datafield>
   <datafield ind1=" " ind2=" " tag="079">
      <subfield code="a">ocm36539616</subfield>
   </datafield>
   <datafield ind1=" " ind2=" " tag="049">
      <subfield code="a">PULL</subfield>
   </datafield>
   <datafield ind1="1" ind2=" " tag="100">
      <subfield code="6">880-01</subfield>
      <subfield code="a">Kharbūtī, ʻAbd al-Laṭīf.</subfield>
   </datafield>
   <datafield ind1="1" ind2="0" tag="245">
      <subfield code="6">880-02</subfield>
      <subfield code="a">Majālis al-anwār al-aḥadīyah wa-majāmiʻ al-asrār al-Muḥammadīyah /</subfield>
      <subfield code="c">athar ʻAbd al-Laṭīf.</subfield>
   </datafield>
   <datafield ind1=" " ind2=" " tag="260">
      <subfield code="a">[Istanbul] :</subfield>
      <subfield code="b">Şirket-i ilmiye matbuatı,</subfield>
      <subfield code="c">1306 [1889]</subfield>
   </datafield>
   <datafield ind1=" " ind2=" " tag="300">
      <subfield code="a">223, [1] p. ;</subfield>
      <subfield code="c">25 cm.</subfield>
   </datafield>
   <datafield ind1=" " ind2=" " tag="500">
      <subfield code="a">On the margins: Excerpts from different authors on Islamic theology.</subfield>
   </datafield>
   <datafield ind1=" " ind2=" " tag="500">
      <subfield code="a">Includes a translation of Majālis al-anwār into Ottoman Turkish.</subfield>
   </datafield>
   <datafield ind1=" " ind2=" " tag="590">
      <subfield code="a">Princeton copy bound with: Mızraklı ilm-i hal. Dersaadet : Matbaa-yi Osmaniye, 1307 [1889]. Tercüme-yi Netaic-i itikadiye. [Istanbul : s.n.], 1864. Mīzān al-nufūs / Hafiz Hulûsi. İstanbul : Hüseyin Remzi Matbaası, 1305 [1887 or 1888]. Kitāb al-Burhān al-azhar fī manāqib al-Shaykh al-Akbar / taʼlīf Muḥammad Rajab Ḥilmī. Miṣr : Maṭbaʻat al-Saʻādah, 1908.</subfield>
   </datafield>
   <datafield ind1=" " ind2=" " tag="590">
      <subfield code="a">Princeton copy bound with: Mızraklı ilm-i hal. Dersaadet : Matbaa-yi Osmaniye, 1307 [1889]. Tercüme-yi Netaic-i itikadiye. [Istanbul : s.n.], 1864. Mīzān al-nufūs / Hafiz Hulûsi. İstanbul : Hüseyin Remzi Matbaası, 1305 [1887 or 1888]. Kitāb al-Burhān al-azhar fī manāqib al-Shaykh al-Akbar / taʾlīf Muḥammad Rajab Ḥilmī. Miṣr : Maṭbaʻat al-Saʻādah, 1908.</subfield>
   </datafield>
   <datafield ind1=" " ind2="0" tag="650">
      <subfield code="a">Islamic law.</subfield>
      <subfield code="0">http://id.loc.gov/authorities/subjects/sh85068454</subfield>
   </datafield>
   <datafield ind1=" " ind2="0" tag="650">
      <subfield code="a">Islam</subfield>
      <subfield code="x">Doctrines.</subfield>
      <subfield code="0">http://id.loc.gov/authorities/subjects/sh85068396</subfield>
   </datafield>
   <datafield ind1=" " ind2="0" tag="650">
      <subfield code="a">Islam</subfield>
      <subfield code="x">Catechisms.</subfield>
   </datafield>
   <datafield ind1="1" ind2=" " tag="880">
      <subfield code="6">100-01/r</subfield>
      <subfield code="a">خربوتي، عبد اللطيف.</subfield>
   </datafield>
   <datafield ind1="1" ind2="0" tag="880">
      <subfield code="6">245-02/r</subfield>
      <subfield code="a">مجالس الانوار الاحدية ومجامع الاسرار المحمدية /</subfield>
      <subfield code="c">اثر عبد اللطيف.</subfield>
   </datafield>
   <datafield ind1=" " ind2=" " tag="998">
      <subfield code="a">02/26/97</subfield>
      <subfield code="s">9114</subfield>
      <subfield code="n">NjP</subfield>
      <subfield code="w">NJPG95B37492</subfield>
      <subfield code="d">06/16/95</subfield>
      <subfield code="c">AAH</subfield>
      <subfield code="b">AAH</subfield>
      <subfield code="i">970226</subfield>
      <subfield code="l">NJPG</subfield>
   </datafield>
   <datafield ind1=" " ind2=" " tag="911">
      <subfield code="a">19970306</subfield>
   </datafield>
   <datafield ind1=" " ind2=" " tag="912">
      <subfield code="a">19970409055530.0</subfield>
   </datafield>
   <datafield ind1=" " ind2=" " tag="994">
      <subfield code="a">C0</subfield>
      <subfield code="b">PUL</subfield>
   </datafield>
   <datafield ind1=" " ind2=" " tag="999">
      <subfield code="a">1119885</subfield>
   </datafield>
   <datafield ind1="8" ind2="0" tag="852">
      <subfield code="0">1285486</subfield>
      <subfield code="b">rcppa</subfield>
      <subfield code="t">1</subfield>
      <subfield code="h">KBL</subfield>
      <subfield code="i">.K4265 1889</subfield>
      <subfield code="x">tr fr arab</subfield>
   </datafield>
   <datafield ind1=" " ind2=" " tag="959">
      <subfield code="a">2000-06-13 00:00:00 -0400</subfield>
   </datafield>
</record>
